@article{WHO2018,
  author={WHO.},
  journal={World Report on Disability},
  title={Geneva: World Health Organization.},
  year={2018}}  
@article{Lang2019,
 	author={Lang, C. E.},
 	journal={Stroke: Mechanisms and Recovery of Movement.},
 	title={Annual Review of Neuroscience,},
 	year={2019}}
@article{Nweke2018,
author = {Nweke, Henry and Wah, Teh and Al-Garadi, Mohammed and Alo, Uzoma},
year = {2018},
month = {04},
pages = {},
title = {Deep Learning Algorithms for Human Activity Recognition using Mobile and Wearable Sensor Networks: State of the Art and Research Challenges},
volume = {105},
journal = {Expert Systems with Applications},
doi = {10.1016/j.eswa.2018.03.056}
}
@article{447c913241944300b8fc43999ab23048,
title = "Motion control of joystick interfaced electric wheelchair for improvement of safety and riding comfort",
author = "Choi, {Jung Hyun} and Younghun Chung and Sehoon Oh",
note = "Publisher Copyright: {\textcopyright} 2019 Elsevier Ltd",
year = "2019",
month = may,
doi = "10.1016/j.mechatronics.2019.03.005",
language = "English",
volume = "59",
pages = "104--114",
journal = "Mechatronics",
issn = "0957-4158",
publisher = "Elsevier Ltd.",
}
@article{Rani2019,
  author={Ratri, S. P.},
  journal={Jurnal Teknologi Informasi dan Pendidikan},
  title={Penerapan Bahasa Isyarat Indonesia untuk Pengembangan Aplikasi Berbasis Gesture Recognition.},
  year={2019}}
@article{Redmon2018,
  author={Redmon, J.},
  journal={arXiv preprint arXiv:1804.02767},
  title={YOLOv3: An Incremental Improvement.},
  year={2018}}

@article{KIM2021,
  author={Kim, M.},
  journal={IEEE Access},
  title={Gesture Recognition Based on Deep Learning Algorithms for Control of Smart Devices},
  year={2021}}
@article{Graves2019,
  author={Graves, A.},
  journal={Nature, 538(7626)},
  title={Hybrid Computing Using a Neural Network with Dynamic External Memory.},
  year={2019}}

@article{Lecrosnier2021,
  author={L. Lecrosnier},
  journal={Deep learning-based object detection, localisation and tracking for smart wheelchair healthcare mobility},
  title={International journal of environmental research and public health},
  volume={vol. 18},
  pages = { no. 1, p. 91},
  year={2021}}

@article{Afifah2022,
  author = {Nur, Afifah and Nugroho, Hendro},
  year = {2022},
  month = {11},
  pages = {36-40},
  title = {Deteksi Fitur Huruf Sistem Isyarat Bahasa Indonesia menggunakan Metode Chain 
  Code},
  volume = {8},
  journal = {POSITIF : Jurnal Sistem dan Teknologi Informasi},
  doi = {10.31961/positif.v8i1.1133}
}
@article{Putri22,
author = {Putri, Wahyu, fadlisyah},
year = {2022},
title = {Pendeteksian Bahasa Isyarat Indonesia Secara Real-Time Menggu-
nakan Long Short-Term Memory (LSTM)},
journal = {Teknik Informatika, Fakultas Teknik Universitas Malikussaleh},
}

@article{Cholissodin2019,
author = {Cholissodin, Imam and Soebroto, Arief},
year = {2019},
title = {Machine Learning and Deep Learning},
journal = {Buku Ajar AI, Machine Learning and Deep Learning},
}

@article{Larasati2021,
  author    = {Larasati, K. D. and Primandari, A. H.},
  title     = {Forecasting Bitcoin Price Based on Blockchain Information Using Long-Short Term Method},
  journal   = {Parameter: Journal of Statistics},
  year      = {2021},
  volume    = {1},
  number    = {1},
  pages     = {1--6},
  doi       = {10.22487/27765660.2021.v1.i1.15389},
  url       = {https://doi.org/10.22487/27765660.2021.v1.i1.15389}
}

@article{Lugaresi2019,
  author    = {C. Lugaresi and J. Tang and H. Nash and et al.},
  title     = {Mediapipe: A framework for building perception pipelines},
  journal   = {CoRR},
  year      = {2019},
  volume    = {abs/1906.08172},
  url       = {http://arxiv.org/abs/1906.08172},
  archivePrefix = {arXiv},
  eprint    = {1906.08172}
}

@article{kim2023human,
  author    = {J.-W. Kim and J.-Y. Choi and E.-J. Ha and J.-H. Choi},
  title     = {Human pose estimation using mediapipe pose and optimization method based on a humanoid model},
  journal   = {Applied Sciences},
  volume    = {13},
  number    = {4},
  year      = {2023},
  pages     = {2700},
  issn      = {2076-3417},
  url       = {https://www.mdpi.com/2076-3417/13/4/2700}
}

@misc{Shah2023,
  author    = {D. Shah},
  title     = {Intersection over union (IoU): Definition, calculation, code},
  year      = {2023},
}

@book{Sugiyono2019,
  author    = {Sugiyono},
  title     = {Metode Penelitian dan Pengembangan: Research and Development (R\&D)},
  year      = {2019},
  publisher = {Alfabeta},
  address   = {Bandung},
  isbn      = {978-602-289-158-1}
}

@misc{ekatama2024perancangan,
  author = {I. P. H. S. Ekatama},
  title = {Perancangan sistem kontrol motor kursi roda secara nirkabel berbasis ESP32},
  year = {2024},
  howpublished = {Other thesis, Institut Teknologi Sepuluh Nopember},
  url = {http://repository.its.ac.id/id/eprint/107233},
  note = {Online}
}